<collection xmlns="http://www.loc.gov/MARC21/slim">
<record>
  <leader>01562nam0a2200301 i 450 </leader>
  <controlfield tag="001">IT\ICCU\CNCE\019120</controlfield>
  <controlfield tag="005">20110114000000.0</controlfield>
  <datafield tag="012" ind1=" " ind2=" ">
    <subfield code="a">iati tila nice giOl (C) 1515 (Q)</subfield>
    <subfield code="2">fei</subfield>
  </datafield>
  <datafield tag="100" ind1=" " ind2=" ">
    <subfield code="a">19970101f1515        0itac0103    ba</subfield>
  </datafield>
  <datafield tag="101" ind1=" " ind2=" ">
    <subfield code="a">ITA</subfield>
  </datafield>
  <datafield tag="102" ind1=" " ind2=" ">
    <subfield code="a">IT</subfield>
  </datafield>
  <datafield tag="200" ind1="1" ind2=" ">
    <subfield code="a">℗La ℗rapresentatione diuota di Stella: cioe vn miracolo di nostra Donna</subfield>
  </datafield>
  <datafield tag="210" ind1=" " ind2=" ">
    <subfield code="d">\non dopo il 1515!</subfield>
  </datafield>
  <datafield tag="215" ind1=" " ind2=" ">
    <subfield code="a">\12! c.</subfield>
    <subfield code="d">4ʻ</subfield>
  </datafield>
  <datafield tag="300" ind1=" " ind2=" ">
    <subfield code="a">Stampata probabilmente a Firenze da Bartolomeo de&apos;Libri o da Giovanni Stefano di Carlo; per i tipografi e la data cfr.: S. Periti, Contributo alla bibliografia fiorentina del XVI secolo. Le edizioni dal 1501 al 1530, F14</subfield>
  </datafield>
  <datafield tag="620" ind1=" " ind2=" ">
    <subfield code="a">IT</subfield>
    <subfield code="d">Firenze</subfield>
  </datafield>
  <datafield tag="700" ind1=" " ind2="1">
    <subfield code="a">Fiordani,</subfield>
    <subfield code="b">Muzio</subfield>
    <subfield code="3">IT\ICCU\CNCA\005408</subfield>
  </datafield>
  <datafield tag="712" ind1="0" ind2="2">
    <subfield code="a">Giovanni Stefano di Carlo</subfield>
    <subfield code="3">IT\ICCU\CNCT\000207</subfield>
    <subfield code="4">650</subfield>
  </datafield>
  <datafield tag="712" ind1="0" ind2="0">
    <subfield code="a">Libri, Bartolomeo de&apos;</subfield>
    <subfield code="3">IT\ICCU\CNCT\001387</subfield>
    <subfield code="4">650</subfield>
  </datafield>
  <datafield tag="790" ind1=" " ind2="1">
    <subfield code="a">Fiordiani,</subfield>
    <subfield code="b">Mutio</subfield>
    <subfield code="3">IT\ICCU\CNCA\019208</subfield>
    <subfield code="z">Fiordani, Muzio</subfield>
  </datafield>
  <datafield tag="791" ind1="0" ind2="2">
    <subfield code="a">Ioannes Stephanus Papiensis</subfield>
    <subfield code="3">IT\ICCU\CNCT\002820</subfield>
    <subfield code="z">Giovanni Stefano di Carlo</subfield>
  </datafield>
  <datafield tag="791" ind1="0" ind2="0">
    <subfield code="a">Carlo, Giovanni Stefano di</subfield>
    <subfield code="3">IT\ICCU\CNCT\002821</subfield>
    <subfield code="z">Giovanni Stefano di Carlo</subfield>
  </datafield>
  <datafield tag="791" ind1="0" ind2="0">
    <subfield code="a">Torriani, Giovanni Stefano di Carlo</subfield>
    <subfield code="3">IT\ICCU\CNCT\003877</subfield>
    <subfield code="z">Giovanni Stefano di Carlo</subfield>
  </datafield>
  <datafield tag="791" ind1="0" ind2="2">
    <subfield code="a">Gianstephano di Carlo</subfield>
    <subfield code="3">IT\ICCU\CNCT\005927</subfield>
    <subfield code="z">Giovanni Stefano di Carlo</subfield>
  </datafield>
  <datafield tag="791" ind1="0" ind2="2">
    <subfield code="a">Bartholomaeus Francisci de Libris</subfield>
    <subfield code="3">IT\ICCU\CNCT\003167</subfield>
    <subfield code="z">Libri, Bartolomeo de&apos;</subfield>
  </datafield>
  <datafield tag="791" ind1="0" ind2="2">
    <subfield code="a">Bartholomeus praesbiter</subfield>
    <subfield code="3">IT\ICCU\CNCT\004957</subfield>
    <subfield code="z">Libri, Bartolomeo de&apos;</subfield>
  </datafield>
  <datafield tag="801" ind1=" " ind2="3">
    <subfield code="a">IT</subfield>
    <subfield code="b">ICCU</subfield>
    <subfield code="c">20201114</subfield>
  </datafield>
  <datafield tag="899" ind1=" " ind2=" ">
    <subfield code="a">Biblioteca nazionale centrale. Firenze</subfield>
    <subfield code="1">FI0098</subfield>
    <subfield code="2">CFI CF</subfield>
  </datafield>
</record>
</collection>
